@article{ref_article1,
    author      = "First Author",
    title       = "Article title",
    journal     = "Journal",
    series      = "2",
    volume      = "5",
    pages       = "99--110",
    year        = "2016"
}

@inproceedings{ref_lncs1,
    author      = "Author, F. and Author, S.",
    title       = "Title of a proceedings paper",
    editor      = "F. Editor",
    booktitle   = "CONFERENCE 2016, LNCS",
    volume      = "9999",
    pages       = "1--13",
    publisher   = "Springer",
    address     = "Heidelberg",
    year        = "2016",
    doi         = "10.10007/1234567890"
}

@book{ref_book1,
    author      = "Author, F. and Author, S. and Author, T.",
    title       = "Book title",
    edition     = "2nd",
    publisher   = "Publisher",
    address     = "Location",
    year        = "1999"
}

@inproceedings{ref_proc1,
    author      = "Author, A.-B.",
    title       = "Contribution title",
    booktitle   = "9th International Proceedings on Proceedings",
    pages       = "1--2",
    publisher   = "Publisher",
    address     = "Location",
    year        = "2010"
}

@misc{ref_url1,
    title       = "{LNCS Homepage}",
    url         = "http://www.springer.com/lncs",
    opt         = "Last accessed 4 Oct 2017"
}
